%% This BibTeX bibliography file was created using BibDesk.
%% http://bibdesk.sourceforge.net/


%% Created for jxy at 2015-05-19 13:58:07 +0800 


%% Saved with string encoding Unicode (UTF-8) 



@article{ssosc,
	Author = {Shang H and Zhu K and Lin X},
	Date-Added = {2015-05-19 05:56:56 +0000},
	Date-Modified = {2015-05-19 05:57:39 +0000},
	Journal = {ICDE},
	Title = {Similarity search on supergraph containment},
	Year = {2010}}

@article{FSD,
	Author = {Kurmochi M and Karypis G},
	Date-Added = {2015-05-19 05:14:00 +0000},
	Date-Modified = {2015-05-19 05:20:07 +0000},
	Journal = {ICDM},
	Title = {Frequent subgraph discovery},
	Year = {2001}}

@article{g13,
	Author = {谭伟，杨书新},
	Date-Added = {2015-05-18 17:24:44 +0000},
	Date-Modified = {2015-05-18 17:26:10 +0000},
	Title = {图数据精确查询与近似查询的研究},
	Year = {2013}}

@article{ghash,
	Author = {Xiaohong Wang and Aaron Smalter and Jun Huan},
	Date-Added = {2015-05-18 17:20:25 +0000},
	Date-Modified = {2015-05-18 17:23:43 +0000},
	Journal = {ACM},
	Title = {G-Hash:Towards Fast Kernel-based Similarity Search in Large Graph Databases},
	Year = {2009}}

@book{GraphAlgorithm,
	Author = {王桂平，王衍，任嘉辰},
	Date-Added = {2015-05-18 17:15:03 +0000},
	Date-Modified = {2015-05-19 05:58:01 +0000},
	Publisher = {北京大学出版社},
	Title = {图论算法理论,实现及应用},
	Year = {2011}}

@book{BigData,
	Author = {(英)维克托·迈尔-舍恩伯格，肯尼思·库克耶},
	Date-Added = {2015-05-15 07:20:59 +0000},
	Date-Modified = {2015-05-19 05:58:07 +0000},
	Publisher = {浙江人民出版社},
	Title = {大数据时代:生活、工作与思维的大变革},
	Year = {2012}}
