%% This BibTeX bibliography file was created using BibDesk.
%% http://bibdesk.sourceforge.net/


%% Created for jxy at 2015-04-20 00:21:35 +0800 


%% Saved with string encoding Unicode (UTF-8) 



@article{G-HASH,
	Author = {Xiaohong Wang,Aaron Smalter,Jun Huan, Gerald H. Lushington},
	Journal = {EDBT 2009, March 24--26},
	Pages = {472-480},
	Title = {G-Hash: Towards Fast Kernel-based Similarity Search in Large Graph Databases},
	Year = {2009},
}
